[gd_scene load_steps=19 format=3 uid="uid://c3h30spikf0oc"]

[ext_resource type="Theme" uid="uid://c1bes83d8fgvs" path="res://themes/eyecandy.tres" id="1_u62ri"]
[ext_resource type="PackedScene" uid="uid://b5ds14b8wqdon" path="res://scenes/item/item.tscn" id="1_uw36b"]
[ext_resource type="Script" path="res://scenes/main/addItem.gd" id="1_wrhmi"]
[ext_resource type="Script" path="res://scenes/main/List.gd" id="2_3o0tn"]
[ext_resource type="Script" path="res://scenes/main/main.gd" id="2_yy2xm"]
[ext_resource type="Texture2D" uid="uid://b4dysr7s6saje" path="res://icons/plus.svg" id="3_mbl82"]
[ext_resource type="FontFile" uid="uid://dxtporkmlgwlx" path="res://themes/fonts/Wave.ttf" id="4_3ao6j"]
[ext_resource type="Script" path="res://scenes/main/about_page.gd" id="4_bs8hm"]
[ext_resource type="Texture2D" uid="uid://b21eysi1i1kbu" path="res://icons/info.svg" id="4_y4g7i"]
[ext_resource type="Texture2D" uid="uid://b2gm07npifj1o" path="res://icons/export.svg" id="7_oiu2y"]
[ext_resource type="Texture2D" uid="uid://3oohg3jmn0bb" path="res://icons/json.svg" id="8_7ekbq"]
[ext_resource type="Script" path="res://scenes/main/export.gd" id="8_grc07"]
[ext_resource type="Texture2D" uid="uid://d1tfhi8ctcnk1" path="res://icons/markdown.svg" id="9_tvt8m"]
[ext_resource type="PackedScene" uid="uid://c2otii05tspyy" path="res://scenes/becky/becky.tscn" id="9_w0apm"]

[sub_resource type="StyleBoxEmpty" id="StyleBoxEmpty_0guxm"]

[sub_resource type="StyleBoxEmpty" id="StyleBoxEmpty_knmq6"]

[sub_resource type="StyleBoxEmpty" id="StyleBoxEmpty_0rmpo"]

[sub_resource type="StyleBoxEmpty" id="StyleBoxEmpty_cvucw"]

[node name="Main" type="Control"]
layout_mode = 3
anchors_preset = 15
anchor_right = 1.0
anchor_bottom = 1.0
grow_horizontal = 2
grow_vertical = 2
theme = ExtResource("1_u62ri")
script = ExtResource("2_yy2xm")

[node name="TextRect" parent="." instance=ExtResource("9_w0apm")]
layout_mode = 1

[node name="Field" type="BoxContainer" parent="."]
layout_mode = 1
anchors_preset = 15
anchor_right = 1.0
anchor_bottom = 1.0
offset_left = 15.0
offset_top = 15.0
offset_right = -15.0
offset_bottom = -15.0
grow_horizontal = 2
grow_vertical = 2
vertical = true

[node name="Title" type="BoxContainer" parent="Field"]
layout_mode = 2

[node name="appName" type="LineEdit" parent="Field/Title"]
layout_mode = 2
size_flags_horizontal = 3
theme_override_colors/font_outline_color = Color(0, 0, 0, 1)
theme_override_constants/outline_size = 8
theme_override_fonts/font = ExtResource("4_3ao6j")
theme_override_font_sizes/font_size = 55
theme_override_styles/normal = SubResource("StyleBoxEmpty_0guxm")
theme_override_styles/focus = SubResource("StyleBoxEmpty_knmq6")
theme_override_styles/read_only = SubResource("StyleBoxEmpty_0rmpo")

[node name="addItem" type="Button" parent="Field/Title"]
layout_mode = 2
size_flags_horizontal = 8
mouse_default_cursor_shape = 2
icon = ExtResource("3_mbl82")
alignment = 0
script = ExtResource("1_wrhmi")

[node name="export" type="MenuButton" parent="Field/Title"]
layout_mode = 2
mouse_default_cursor_shape = 2
icon = ExtResource("7_oiu2y")
flat = false
icon_alignment = 1
item_count = 2
popup/item_0/text = "JSON"
popup/item_0/icon = ExtResource("8_7ekbq")
popup/item_0/id = 1
popup/item_1/text = "MARKDOWN"
popup/item_1/icon = ExtResource("9_tvt8m")
popup/item_1/id = 2
script = ExtResource("8_grc07")

[node name="about" type="Button" parent="Field/Title"]
layout_mode = 2
mouse_default_cursor_shape = 2
icon = ExtResource("4_y4g7i")
script = ExtResource("4_bs8hm")

[node name="HSeparator" type="HSeparator" parent="Field"]
layout_mode = 2
theme_override_styles/separator = SubResource("StyleBoxEmpty_cvucw")

[node name="ScrollContainer" type="ScrollContainer" parent="Field"]
layout_mode = 2
size_flags_vertical = 3

[node name="Sepman" type="BoxContainer" parent="Field/ScrollContainer"]
layout_mode = 2
size_flags_horizontal = 3

[node name="List" type="BoxContainer" parent="Field/ScrollContainer/Sepman" groups=["list"]]
layout_mode = 2
size_flags_horizontal = 3
theme_override_constants/separation = 10
vertical = true
script = ExtResource("2_3o0tn")

[node name="Item" parent="Field/ScrollContainer/Sepman/List" instance=ExtResource("1_uw36b")]
layout_mode = 2

[node name="VSeparator" type="VSeparator" parent="Field/ScrollContainer/Sepman"]
layout_mode = 2

[connection signal="pressed" from="Field/Title/addItem" to="Field/Title/addItem" method="_on_pressed"]
[connection signal="pressed" from="Field/Title/export" to="Field/Title/export" method="_on_pressed"]
