[gd_scene load_steps=5 format=3 uid="uid://dxv2qq62db8di"]

[ext_resource type="Script" path="res://scenes/about/about_page.gd" id="1_cf6c2"]
[ext_resource type="FontFile" uid="uid://dxtporkmlgwlx" path="res://themes/fonts/Wave.ttf" id="2_4k85o"]
[ext_resource type="Texture2D" uid="uid://b5mp6uoa1v7cc" path="res://icons/door.svg" id="3_nnk5u"]
[ext_resource type="Script" path="res://scenes/about/version.gd" id="4_jfrj4"]

[node name="Thanks" type="Control"]
layout_mode = 3
anchors_preset = 15
anchor_right = 1.0
anchor_bottom = 1.0
grow_horizontal = 2
grow_vertical = 2
script = ExtResource("1_cf6c2")

[node name="becky" type="ColorRect" parent="."]
layout_mode = 1
anchors_preset = 15
anchor_right = 1.0
anchor_bottom = 1.0
grow_horizontal = 2
grow_vertical = 2
color = Color(0.137255, 0.105882, 0.231373, 1)

[node name="Field" type="BoxContainer" parent="."]
layout_mode = 1
anchors_preset = 10
anchor_right = 1.0
offset_bottom = 78.0
grow_horizontal = 2
vertical = true

[node name="sep1" type="HSeparator" parent="Field"]
custom_minimum_size = Vector2(0, 20)
layout_mode = 2
size_flags_vertical = 0

[node name="Title" type="BoxContainer" parent="Field"]
layout_mode = 2
size_flags_vertical = 4

[node name="VSeparator2" type="VSeparator" parent="Field/Title"]
custom_minimum_size = Vector2(15, 0)
layout_mode = 2

[node name="thanks" type="Label" parent="Field/Title"]
layout_mode = 2
size_flags_horizontal = 3
theme_override_fonts/font = ExtResource("2_4k85o")
theme_override_font_sizes/font_size = 44
text = "THANKS"
vertical_alignment = 1

[node name="VSeparator" type="VSeparator" parent="Field/Title"]
visible = false
layout_mode = 2

[node name="goback" type="Button" parent="Field/Title"]
layout_mode = 2
size_flags_horizontal = 8
mouse_default_cursor_shape = 2
theme_override_font_sizes/font_size = 33
icon = ExtResource("3_nnk5u")

[node name="VSeparator3" type="VSeparator" parent="Field/Title"]
layout_mode = 2

[node name="FlowContainer" type="FlowContainer" parent="."]
layout_mode = 1
anchors_preset = 8
anchor_left = 0.5
anchor_top = 0.5
anchor_right = 0.5
anchor_bottom = 0.5
offset_left = -97.0
offset_top = -203.0
offset_right = 98.0
offset_bottom = 259.0
grow_horizontal = 2
grow_vertical = 2
theme_override_constants/h_separation = 10
theme_override_constants/v_separation = 10
alignment = 1
vertical = true

[node name="Godot" type="Button" parent="FlowContainer"]
layout_mode = 2
size_flags_vertical = 3
mouse_default_cursor_shape = 2
theme_override_font_sizes/font_size = 33
text = "GODOT"

[node name="Ubuntu" type="Button" parent="FlowContainer"]
layout_mode = 2
size_flags_vertical = 3
mouse_default_cursor_shape = 2
theme_override_font_sizes/font_size = 33
text = "UBUNTU"

[node name="Wave" type="Button" parent="FlowContainer"]
layout_mode = 2
size_flags_vertical = 3
mouse_default_cursor_shape = 2
theme_override_font_sizes/font_size = 33
text = "WAVE_FONT"

[node name="version" type="Label" parent="."]
layout_mode = 1
anchors_preset = 7
anchor_left = 0.5
anchor_top = 1.0
anchor_right = 0.5
anchor_bottom = 1.0
offset_left = -20.0
offset_top = -23.0
offset_right = 20.0
grow_horizontal = 2
grow_vertical = 0
theme_override_font_sizes/font_size = 33
text = "version"
horizontal_alignment = 1
script = ExtResource("4_jfrj4")

[connection signal="pressed" from="Field/Title/goback" to="." method="_on_goback_pressed"]
